@book{gates1995estrada,
  title={A Estrada do Futuro},
  author={Gates, B.},
  isbn={9788571645097},
  url={https://books.google.com.br/books?id=XUWRAAAACAAJ},
  year={1995},
  publisher={Companhia das Letras}
}

%https://www.ics.uci.edu/~corps/phaseii/Weiser-Computer21stCentury-SciAm.pdf
@article{paradiso2005energy,
  title={Energy scavenging for mobile and wireless electronics},
  author={Paradiso, Joseph A and Starner, Thad},
  journal={IEEE Pervasive computing},
  volume={4},
  number={1},
  pages={18--27},
  year={2005},
  publisher={Ieee}
}

@article{nordhaus2007two,
  title={Two centuries of productivity growth in computing},
  author={Nordhaus, William D},
  journal={The Journal of Economic History},
  volume={67},
  number={01},
  pages={145},
  year={2007},
  publisher={Cambridge Univ Press}
}

@article{weiser1991computer,
  title={The computer for the 21st century},
  author={Weiser, Mark},
  journal={Scientific american},
  volume={265},
  number={3},
  pages={94--104},
  year={1991},
  publisher={Nature Publishing Group}
}

@book{Patterson:2008:COD:1502247,
 author = {Patterson, David A. and Hennessy, John L.},
 title = {Computer Organization and Design, Fourth Edition, Fourth Edition: The Hardware/Software Interface (The Morgan Kaufmann Series in Computer Architecture and Design)},
 year = {2008},
 isbn = {0123744938, 9780123744937},
 pages = {39},
 edition = {4th},
 publisher = {Morgan Kaufmann Publishers Inc.},
 address = {San Francisco, CA, USA},
} 

%https://books.google.com.br/books?hl=pt-BR&lr=&id=n071GXS3z88C&oi=fnd&pg=PA5&dq=How+Open+Is+the+Future%3F:+Economic,+Social+%26+Cultural+Scenarios+Inspired+by+Free+%26+Open-Source+Software&ots=RPXW2WE1s2&sig=Coqgx4bIYfmpGws8Adnmns4AmmI#v=onepage&q=How%20Open%20Is%20the%20Future%3F%3A%20Economic%2C%20Social%20%26%20Cultural%20Scenarios%20Inspired%20by%20Free%20%26%20Open-Source%20Software&f=false
@book{wynants2005open,
  title={How open is the future?: economic, social \& cultural scenarios inspired by free \& open-source software},
  author={Wynants, Marleen and Cornelis, Jan},
  year={2005},
  publisher={ASP/VUBPRESS/UPA}
}

%author={GNU community},
@misc{filosofia,
  title = {Philosophy, The GNU Project},
  year={2016},
  howpublished = {\url{http://www.gnu.org/philosophy/philosophy.html}},
  publisher={GNU},
  note = {Acessado: 25-07-2016}
}

%https://community.nxp.com/thread/389162
@misc{nxp,
  title = {Which debug probes are supported by LPCXpresso IDE with which MCUs?},
  year={2017},
  howpublished = {\url{https://community.nxp.com/thread/389162}},
  publisher={LPCware Support},
  note = {Acessado: 10-02-2017}
}

%http://www.ruemohr.org/docs/debugwire.html
@misc{debugwire,
  title = {The debugWire protocol},
  year={2011},
  howpublished = {\url{http://www.ruemohr.org/docs/debugwire.html}},
  publisher={RikusW},
  note = {Acessado: 10-02-2017}
}

%Debug Driver Configuration
@misc{kiledebug,
  title = {Debug Driver Configuration},
  year={2017},
  howpublished = {\url{http://www.keil.com/support/man/docs/ulink2/ulink2_su_debugdrivercfg.htm}},
  publisher={keil},
  note = {Acessado: 10-02-2017}
}

%https://ls12-www.cs.tu-dortmund.de/daes/media/documents/staff/marwedel/es-book/slides11/es-marw-1.1.pdf
%NAO CITADO
@book{marwedel2010embedded,
  title={Embedded system design: Embedded systems foundations of cyber-physical systems},
  author={Marwedel, Peter},
  year={2010},
  publisher={Springer Science \& Business Media}
}

%https://books.google.com.br/books?id=heBZpgYUKdAC&printsec=frontcover&dq=WENGER,+E.+Communities+of+practice.+Cambridge:+University+Press,+1998.&hl=pt-BR&sa=X&redir_esc=y#v=onepage&q=WENGER%2C%20E.%20Communities%20of%20practice.%20Cambridge%3A%20University%20Press%2C%201998.&f=false
@book{wenger1998communities,
  title={Communities of Practice: Learning, Meaning, and Identity},
  author={Wenger, E.},
  isbn={9780521663632},
  lccn={98202423},
  series={Learning in Doing: Social, Cognitive and Computational Perspectives},
  url={https://books.google.com.br/books?id=heBZpgYUKdAC},
  year={1998},
  publisher={Cambridge University Press}
}


%https://www.kde.org/
@misc{kdelema,
  title = {Experience Freedom!, KDE},
  year={2016},
  howpublished = {\url{https://www.kde.org/}},
  note = {Acessado: 17-08-2016}
}

%https://www.kde.org/community/whatiskde/
@misc{kdewhatis,
  title = {About KDE, KDE},
  year={2016},
  howpublished = {\url{https://www.kde.org/community/whatiskde/}},
  note = {Acessado: 17-08-2016}
}

%http://ieeexplore.ieee.org/document/4669322/
@inproceedings{ricci2008design,
  title={Design of an ultra low-power RFID baseband processor featuring an AES cryptography engine},
  author={Ricci, Andrea and Grisanti, Matteo and De Munari, Ilaria and Ciampolini, Paolo},
  booktitle={Digital System Design Architectures, Methods and Tools, 2008. DSD'08. 11th EUROMICRO Conference on},
  pages={831--838},
  year={2008},
  organization={IEEE}
}

%%%%%%%%%%%%%%%%%%%%%%%%%%%%%%%%%%%%%%%%%%%%%%%%%%%%%%%%%%
@MANUAL{alves_2001,
    title = {Como fazer referências},
    author = {{ALVES, Maria Bernardete Martins; ARRUDA, Susana Margareth}},
    address = {Florianópolis: Universidade Federal de Santa Catarina, Biblioteca Universitária},
    year = {c2001},
    urlaccessdate = {11 jun. 2013},
    owner = {roberto},
    subtitle = {bibliográficas, eletrônicas e demais formas de documento},
    timestamp = {2013.06.10},
    url = {http://www.bu.ufsc.br/design/framerefer.php}
}

@MANUAL{abnt6024,
    title = {NBR 6024},
    author = {{ASSOCIAÇÃO BRASILEIRA DE NORMAS TÉCNICAS}},
    address = {Rio de Janeiro},
    year = {2012},
    subtitle = {informação e documentação: numeração progressiva das seções de um documento escrito: apresentação}
}

@MANUAL{abnt14724,
    title = {NBR 14724},
    author = {{ASSOCIAÇÃO BRASILEIRA DE NORMAS TÉCNICAS}},
    address = {Rio de Janeiro},
    year = {2011},
    pages = {11},
    subtitle = {informação e documentação: trabalhos acadêmicos: apresentação}
}

@MANUAL{abnt10520,
    title = {NBR 10520},
    author = {{ASSOCIAÇÃO BRASILEIRA DE NORMAS TÉCNICAS}},
    address = {Rio de Janeiro},
    year = {2002},
    pages = {7},
    subtitle = {informação e documentação: citações em documentos: apresentação}
}

@MANUAL{BU_formatoA5,
    title = {Trabalho acadêmico},
    subtitle = {guia fácil para diagramação: formato A5.},
    author = {{UNIVERSIDADE FEDERAL DE SANTA CATARINA. Biblioteca Universitária.}},
    address = {Florianópolis},
    year = {2009},
    comment = {Acesso em: 11 abr. 2013},
    owner = {roberto},
    timestamp = {2013.06.10},
    url = {http://www.bu.ufsc.br/design/GuiaRapido2012.pdf},
    urlaccessdate = {11 jun. 2013}
}
